@article{Lanthanide_2001,
title = {An atomic program for energy levels of equivalent electrons: lanthanides and actinides},
journal = {Computer Physics Communications},
volume = {133},
number = {2},
pages = {396 - 406},
year = {2001},
issn = {0010-4655},
doi = {https://doi.org/10.1016/S0010-4655(00)00171-5},
url = {http://www.sciencedirect.com/science/article/pii/S0010465500001715},
author = {Sverker Edvardsson and Daniel {\AA}berg}
}

@book{Wybourne,
  title={Spectroscopic Properties of Rare Earths},
  author={Wybourne, Brian G.},
  year={1965},
  publisher={Interscience (Wiley)},
	address={New York}
}

@book{Landau3,
  title={Quantum Mechanics: Non-Relativistic Theory},
  author={L. D. Landau and E. M. Lifshitz},
  year={1958},
  publisher={Elsevier}
}

@book{Amusia,
  title={Atomic Photoeffect},
  author={Amusia, M. Ya.},
  year={1990},
  publisher={Springer},
	doi = {https://doi.org10.1007/978-1-4757-9328-4},
	address={New York}
}

@book{Cowan,
  title={The theory of atomic structure and spectra},
  author={Cowan, Robert D.},
  year={1981},
  publisher={University of California Press},
	address={Berkeley}
}

@book{NielsonKoster,
  title={Spectroscopic Coefficients for the p\textsuperscript{n} , d\textsuperscript{n}, and f\textsuperscript{n} Configurations},
  author={Nielson, C. W. and Koster, G. F.},
  year={1963},
  publisher={MIT Press},
	address={Cambridge MA}
}

@book{Varshalovich,
  title={Quantum Theory Of Angular Momemtum},
  author={Varshalovich, D.A. and Moskalev, A.N. and Khersonskii, V.K.},
  year={1988},
  publisher={World Scientific Publishing},
	address      = {Singapore}
}

@book{Getzlaff_2008,
  title={Fundamentals of magnetism},
  author={Getzlaff, M.},
  year={2008},
  publisher={Springer},
	address= {Berlin Heidelberg New York}
}

@book{Judd,
  title={Operator Techniques in Atomic Spectroscopy},
  author={Brian R. Judd},
  year={1998},
  publisher={Princeton University Press},
	address= {Princeton}
}

@incollection{Jacquier,
title = {Spectroscopic Properties of Rare Earths in Optical Materials},
editor = {Guokui Liu and Bernard Jacquier},
series = {Springer Series in Materials Science},
publisher = {Springer},
address= {Berlin Heidelberg},
volume = {83},
year = {2005},
doi = {10.1007/3-540-28209-2},
url = {https://www.springer.com/gp/book/9783540238867}
}

@article{Gerken_1983,
	doi = {10.1088/0305-4608/13/3/021},
	url = {https://doi.org/10.1088/0305-4608/13/3/021},
	year = 1983,
	month = {mar},
	publisher = {{IOP} Publishing},
	volume = {13},
	number = {3},
	pages = {703--713},
	author = {F. Gerken},
	title = {Calculated photoemission spectra of the 4f states in the rare-earth metals},
	journal = {J. Phys. F: Metal Phys.}
}

@inbook{Cox_1975,
  author       = {Cox, Anthony P.}, 
  title        = {{Fractional parentage methods for ionisation of open shells of d and f electrons. In: Photoelectron Spectrometry. Structure and Bonding}},
  pages        = {59-81},
  publisher    = {Springer},
  year         = {1975},
  volume       = {24},
  address      = {Berlin, Heidelberg}
}


@incollection{Hutchings,
title = {Point-Charge Calculations of Energy Levels of Magnetic Ions in Crystalline Electric Fields},
editor = {Frederick Seitz and David Turnbull},
series = {Solid State Physics},
publisher = {Academic Press},
volume = {16},
pages = {227 - 273},
year = {1964},
issn = {0081-1947},
doi = {https://doi.org/10.1016/S0081-1947(08)60517-2},
url = {http://www.sciencedirect.com/science/article/pii/S0081194708605172},
author = {M.T. Hutchings}
}

@article{Carnall_1989,
author = {Carnall,W. T.  and Goodman,G. L.  and Rajnak,K.  and Rana,R. S. },
title = {A systematic analysis of the spectra of the lanthanides doped into single crystal LaF$_3$},
journal = {J. Chem. Phys.},
volume = {90},
number = {7},
pages = {3443-3457},
year = {1989},
doi = {10.1063/1.455853},
URL = {https://doi.org/10.1063/1.455853},
eprint = {https://doi.org/10.1063/1.455853}
}

@article{Gaigalas_2001,
title = {Maple procedures for the coupling of angular momenta. III. Standard quantities for evaluating many-particle matrix elements},
journal = {Computer Physics Communications},
volume = {135},
number = {2},
pages = {219 - 237},
year = {2001},
issn = {0010-4655},
doi = {https://doi.org/10.1016/S0010-4655(00)00234-4},
url = {http://www.sciencedirect.com/science/article/pii/S0010465500002344},
author = {G. Gaigalas and S. Fritzsche and B. Fricke}
}

@article{Fadley_PRB_2001,
  title = {Multiple scattering of electrons in solids and molecules: A cluster-model approach},
  author = {Garc\'{\i}a de Abajo, F. J. and Van Hove, M. A. and Fadley, C. S.},
  journal = {Phys. Rev. B},
  volume = {63},
  issue = {7},
  pages = {075404},
  numpages = {16},
  year = {2001},
  doi = {10.1103/PhysRevB.63.075404},
  url = {http://link.aps.org/doi/10.1103/PhysRevB.63.075404}
}

@article{Usachov_PED_PRB_2020,
  title = {Photoelectron diffraction for probing valency and magnetism of $4f$-based materials: A view on valence-fluctuating ${\mathrm{EuIr}}_{2}{\mathrm{Si}}_{2}$},
  author = {Usachov, D. Yu. and Tarasov, A. V. and Schulz, S. and Bokai, K. A. and Tupitsyn, I. I. and Poelchen, G. and Seiro, S. and Caroca-Canales, N. and Kliemt, K. and Mende, M. and Kummer, K. and Krellner, C. and Muntwiler, M. and Li, Hang and Laubschat, C. and Geibel, C. and Chulkov, E. V. and Fujimori, S. I. and Vyalikh, D. V.},
  journal = {Phys. Rev. B},
  volume = {102},
  issue = {20},
  pages = {205102},
  numpages = {11},
  year = {2020},
  month = {Nov},
  publisher = {American Physical Society},
  doi = {10.1103/PhysRevB.102.205102},
  url = {https://link.aps.org/doi/10.1103/PhysRevB.102.205102}
}

@article{Takano_JMMM_1987,
title = {The low temperature magnetic anisotropy of the {RRh$_2$Si$_2$} system ({R: Rare} earth elements)},
journal = {Journal of Magnetism and Magnetic Materials},
volume = {70},
pages = {242 - 244},
year = {1987},
doi = {https://doi.org/10.1016/0304-8853(87)90424-0},
url = {http://www.sciencedirect.com/science/article/pii/0304885387904240},
author = {Y. Takano and K. Ohhata and K. Sekizawa}
}

@article{Kliemt_CRT_2020,
author = {Kliemt, Kristin and Peters, Marius and Feldmann, Fabian and Kraiker, Alexej and Tran, Doan-My and Rongstock, Susanna and Hellwig, Johannes and Witt, Sebastian and Bolte, Michael and Krellner, Cornelius},
title = {Crystal Growth of Materials with the {ThCr$_2$Si$_2$} Structure Type},
journal = {Crystal Research and Technology},
volume = {55},
number = {2},
pages = {1900116},
doi = {https://doi.org/10.1002/crat.201900116},
url = {https://onlinelibrary.wiley.com/doi/abs/10.1002/crat.201900116},
eprint = {https://onlinelibrary.wiley.com/doi/pdf/10.1002/crat.201900116},
year = {2020}
}